
@article{howe_dummy_2009,
	title = {Dummy caterpillars as a simple method to assess predation rates on invertebrates in a tropical agroecosystem},
	volume = {131},
	issn = {00138703, 15707458},
	url = {https://onlinelibrary.wiley.com/doi/10.1111/j.1570-7458.2009.00860.x},
	doi = {10.1111/j.1570-7458.2009.00860.x},
	language = {en},
	number = {3},
	urldate = {2022-11-02},
	journal = {Entomologia Experimentalis et Applicata},
	author = {Howe, Andrew and Lövei, Gabor L. and Nachman, Gösta},
	month = jun,
	year = {2009},
	pages = {325--329},
}

@article{low_determining_2014,
	title = {Determining predator identity from attack marks left in model caterpillars: guidelines for best practice},
	volume = {152},
	issn = {00138703},
	shorttitle = {Determining predator identity from attack marks left in model caterpillars},
	url = {https://onlinelibrary.wiley.com/doi/10.1111/eea.12207},
	doi = {10.1111/eea.12207},
	language = {en},
	number = {2},
	urldate = {2022-11-02},
	journal = {Entomologia Experimentalis et Applicata},
	author = {Low, Petah A. and Sam, Katerina and McArthur, Clare and Posa, Mary Rose C. and Hochuli, Dieter F.},
	month = aug,
	year = {2014},
	pages = {120--126},
}
