
@article{kim_crystal_1995,
	title = {Crystal structure of {Thermus} aquaticus {DNA} polymerase},
	volume = {376},
	issn = {0028-0836, 1476-4687},
	url = {http://www.nature.com/articles/376612a0},
	doi = {10.1038/376612a0},
	language = {en},
	number = {6541},
	urldate = {2022-11-06},
	journal = {Nature},
	author = {Kim, Youngsoo and Eom, Soo Hyun and Wang, Jimin and Lee, Dae-Sil and Suh, Se Won and Steitz, Thomas A.},
	month = aug,
	year = {1995},
	pages = {612--616},
}

@misc{bank_rcsb_nodate,
	title = {{RCSB} {PDB} - {1TAQ}: {STRUCTURE} {OF} {TAQ} {DNA} {POLYMERASE}},
	shorttitle = {{RCSB} {PDB} - {1TAQ}},
	url = {https://www.rcsb.org/structure/1TAQ},
	abstract = {STRUCTURE OF TAQ DNA POLYMERASE},
	language = {en-US},
	urldate = {2022-11-06},
	author = {Bank, RCSB Protein Data},
}
